<?xml version="1.0" encoding="UTF-8"?><collection xmlns="http://www.loc.gov/MARC21/slim"><record><leader>00462nam--2200157-i-4500</leader><controlfield tag="001">000013457</controlfield><controlfield tag="002">20161230</controlfield><controlfield tag="005">20170301233946</controlfield><controlfield tag="008">060222s1000------------r-----000-0-eng-d</controlfield><datafield ind1=" " ind2=" " tag="100"><subfield code="a">Balea, Paraschiv</subfield></datafield><datafield ind1=" " ind2=" " tag="245"><subfield code="a">Programarea si utilizarea masinilor de calcul si elemente de calcul numeric si informatica</subfield></datafield><datafield ind1=" " ind2=" " tag="260"><subfield code="a">Bucuresti</subfield><subfield code="b">Ed.Did.Si Ped</subfield><subfield code="c">1980</subfield></datafield><datafield ind1=" " ind2=" " tag="300"><subfield code="a">233 p</subfield></datafield><datafield ind1=" " ind2=" " tag="700"><subfield code="a">Moldoveanu, Serban</subfield></datafield><datafield ind1=" " ind2=" " tag="852"><subfield code="a">519.688(075.8)</subfield></datafield><datafield ind1=" " ind2=" " tag="CAT"><subfield code="a">SYS</subfield><subfield code="c">20170301</subfield><subfield code="h">233946</subfield></datafield></record></collection>